@misc{ISO00,
      author = "ISO/IEC",
      title = "{ISO/IEC 9126}. {Software} engineering - {Product} quality",
      year = "2001", 
}
@article{ISO01,
      author    = "Franch, X. and Carvallo, J. P.",
      title     = "Using quality models in software package selection",
      journal   = "IEEE",
      year      = "2003",
}
@misc{CMMI00,
      author    = "CMMI Product Team",
      title     = "{CMMI for Development, Version 1.3 (CMU/SEI-2010-TR-033)}",
      url       = "http://cmmiinstitute.com/assets/reports/10tr033.pdf",
      year      = "2010",
}
@misc{OPENBRR00,
      author    = "Carnegie Mellon West Center for Open Source Investigation, CodeZoo, SpikeSource and Intel",
      title     = "{Open Business Readiness Rating}",
      url       = "http://www.openbrr.org/",
      year      = "2005",
}
@misc{QSOS00,
      author    = "Raphaël Semeteys at Atos Origin",
      title     = "{Qualification and Selection of Opensource Software}",
      url       = "http://www.qsos.org/",
      year      = "2004",
}
@misc{QUALOSS00,
      author    = "Research Project Promoted by the European Union",
      title     = "{QUALOSS: Quality of Open Source Software}",
      url       = "http://qualoss.eu/",
      year      = "2006-2009",
}
@misc{FLOSSM00,
      author    = "FLOSS Metrics Consortium",
      title     = "{Free/Libre and OpenSource Software Metrics}",
      url       = "http://flossmetrics.org/",
      year      = "2010",
}

@misc{OPNEB00,
      author    = "OpenNebula",
      title     = "OpenNebula 4.4 version key features",
      url       = "http://opennebula.org/about:keyfeatures",
      year      = "2013",
}

@misc{OPNEB01,
      author    = "OpenNebula",
      title     = "OpenNebula Support and Professional Services",
      url       = "http://opennebula.org/support:support",
      year      = "2013",
}

@misc{OPNEB02,
      author    = "OpenNebula",
      title     = "OpenNebula One Github Repository",
      url       = "https://github.com/OpenNebula/one.git",
      year      = "2013",
}

@misc{CVSANALY00,
      author    = "Metrics-Grimoire",
      title     = "CVSAnalY",
      url       = "https://github.com/MetricsGrimoire/CVSAnalY",
      year      = "2009",
}

@misc{BENCH00,
      author    = "E. Caron, L. Toch, J. Rouzaud-Cornabas",
      title     = "{Comparaison de performance entre OpenStack et OpenNebula et les architectures multi-Cloud: Application à la cosmologie}",
      url       = "http://hal.inria.fr/docs/00/91/69/08/PDF/RR-8421.pdf",
      year      = "2013",
}